@misc{wiki-tomographic-reconstruction,
author = {Wikipedia},
title = {Tomographic reconstruction},
howpublished = "\url{https://en.wikipedia.org/wiki/Tomographic_reconstruction}"}

